@article{zhao2010graph,
  title={On graph query optimization in large networks},
  author={Zhao, Peixiang and Han, Jiawei},
  journal={Proceedings of the VLDB Endowment},
  volume={3},
  number={1-2},
  pages={340--351},
  year={2010},
  publisher={VLDB Endowment}
}

@inproceedings{he2008graphs,
  title={Graphs-at-a-time: query language and access methods for graph databases},
  author={He, Huahai and Singh, Ambuj K},
  booktitle={Proceedings of the 2008 ACM SIGMOD international conference on Management of data},
  pages={405--418},
  year={2008},
  organization={ACM}
}

@inproceedings{wang2004scalable,
  title={Scalable mining of large disk-based graph databases},
  author={Wang, Chen and Wang, Wei and Pei, Jian and Zhu, Yongtai and Shi, Baile},
  booktitle={Proceedings of the tenth ACM SIGKDD international conference on Knowledge discovery and data mining},
  pages={316--325},
  year={2004},
  organization={ACM}
}

@article{angles2008survey,
  title={Survey of graph database models},
  author={Angles, Renzo and Gutierrez, Claudio},
  journal={ACM Computing Surveys (CSUR)},
  volume={40},
  number={1},
  pages={1},
  year={2008},
  publisher={ACM}
}

@book{aggarwal2010managing,
  title={Managing and mining graph data},
  author={Aggarwal, Charu C and Wang, Haixun},
  volume={40},
  year={2010},
  publisher={Springer}
}

@article{codd1970relational,
  title={A relational model of data for large shared data banks},
  author={Codd, Edgar F},
  journal={Communications of the ACM},
  volume={13},
  number={6},
  pages={377--387},
  year={1970},
  publisher={ACM}
}

@article{low2010graphlab,
  title={Graphlab: A new framework for parallel machine learning},
  author={Low, Yucheng and Gonzalez, Joseph and Kyrola, Aapo and Bickson, Danny and Guestrin, Carlos and Hellerstein, Joseph M},
  journal={arXiv preprint arXiv:1006.4990},
  year={2010}
}

@article{sun2012efficient,
  title={Efficient subgraph matching on billion node graphs},
  author={Sun, Zhao and Wang, Hongzhi and Wang, Haixun and Shao, Bin and Li, Jianzhong},
  journal={Proceedings of the VLDB Endowment},
  volume={5},
  number={9},
  pages={788--799},
  year={2012},
  publisher={VLDB Endowment}
}

@misc{rodriguez2011graph,
  title={The Graph Traversal Pattern.},
  author={Rodriguez, Marko A and Neubauer, Peter},
  year={2011}
}